@book{SI,
  title={Seismic inversion},
  author={Schuster, Gerard T},
  year={2017},
  publisher={Society of Exploration Geophysicists}
}